# This is a comment.

@misc{ref:APACHE-LOGGING,
title="Apache Logging Services Project",
key="Apache Logging Services Project",
institution="Apache",
howpublished = "http://logging.apache.org/"
}

@techreport{ref:EDG-RGMASECURITY,
title="{R-GMA} Security - Principles, Design, Plans, Status and Caveats",
year=2004,
institution="DataGrid",
number="http://hepunx.rl.ac.uk/egee/jra1-uk/docs/rgmasecurity.pdf",
author="RAL"
}

@techreport{ref:EGEE-ARCH,
title="EGEE Middleware Architecture",
year=2004,
institution="EGEE",
number="EDMS 476451",
author="{JRA1 Design Team}"
}

@techreport{ref:EGEE-CMPLAN,
title="Configuration Management Plan for EGEE Middleware",
year=2004,
institution="EGEE",
number="EDMS 446241",
author="Di Meglio, Alberto"
}

@techreport{ref:EGEE-PROTO,
title="Middleware Prototype Working Document",
year=2004,
institution="EGEE",
number="EDMS 458972",
author="{JRA1 Design Team}"
}

@techreport{ref:EGEE-RGMA-SPEC,
title="Information and Monitoring Service (R-GMA) System Specification",
year=2004,
institution="EGEE",
number="EDMS 490223",
author="{JRA1-UK}"
}

@InProceedings{ref:RGMA-CHEP-2004,
  title="Information and Monitoring Services within a Grid",
  author="R. Byrom and B. Coghlan and A. Cooke and R. Cordenonsi and
  L. A. Cornwall and M. S. Craig and A. Djaoui and S. M. Fisher and
  A. Gray and S. Hicks and S. Kenny and J. Leake and O. Lyttleton and
  J. Magowan and R. P. Middleton and W. Nutt and D. O'Callaghan and
  N. Podhorszki and P. Taylor and J. A. Walk and A. J. Wilson",
  year=2004,
  month="sep",
  address="Interlaken, Switzerland",
  series="CHEP"
}

@InProceedings{ref:RGMA-COOPIS-2003,
  author =       "A. Cooke and A.J.G. Gray and L. Ma and W. Nutt and
                  J. Magowan and M. Oevers and P. Taylor and R. Byrom and
                  L. Field and S. Hicks and J. Leake and M. Soni and
                  A. Wilson and R. Cordenonsi and L. Cornwall and
                  A. Djaoui and S. Fisher and N. Podhorszki and
                  B.A. Coghlan and S. Kenny and D. O'Callaghan",
  title =        {{R-GMA}: {A}n Information Integration System for Grid Monitoring},
  booktitle =    "On The Move to Meaningful Internet Systems 2003: CoopIS, DOA, and ODBASE",
  pages =        {462--481},
  year =         2003,
  OPTeditor =    "R. Meersman and Z. Tari and D.C. Schmidt",
  volume =       2888,
  series =       "LNCS",
  address =      {Catania, Sicily, Italy},
  month =        "nov",
  publisher =    {Springer-Verlag}
}

@misc{ref:WS-ARCH,
title="Web Services Architecture Working Group Note",
key="Web Services Architecture Working Group Note",
institution="W3C",
howpublished = "http://www.w3.org/TR/ws-arch/"
}
                                                                                       
@misc{ref:WS-SOAP,
key="SOAP Primer",
title="{SOAP Primer}",
institution="W3C",
howpublished = "http://www.w3.org/TR/2003/REC-soap12-part0-20030624/"
}

@misc{ref:WS-WSDL,
title="Web Services Description Language",
key="Web Services Description Language",
institution="W3C",
howpublished = "http://www.w3.org/TR/wsdl/"
}

@misc{ref:WS-WSRF,
title={OASIS Web Services Resource Framework TC},
key="OASIS Web Services Resource Framework TC",
institution="OASIS",
howpublished = "http://www.oasis-open.org/committees/tc\_home.php?wg\_abbrev=wsrf"
}

@techreport{ref:JRA1-TESTPLAN,
title="EGEE Software Testing and Validation",
year=2004,
institution="EGEE",
number="EDMS 473264",
author="{JRA1 Testing Team}"
}

@techreport{ref:EGEE-SECREQ,
title="Activity User Requirements: Activity JRA3",
year=2004,
institution="EGEE",
number="EDMS 485295",
author="Venekamp, Gerben"
}